%====================================================
%====================================================
%====================================================
%====================================================
%====================================================
%==============Referencia bibliografica==============

@Article{REHMAN,
    author={M. H. Rehman},
    title={The Role of Big Data Analytics in Industrial Internet of Things},
    journal={Future Generation Computer Systems},
    year={2019},
    doi={10.1016/J.FUTURE.2019.04.020},
    url={https://dx.doi.org/10.1016/J.FUTURE.2019.04.020}
}

@Article{sarker2021machine,
  title={Machine Learning: Algorithms, Real-World Applications and Research Directions},
  author={Sarker, Iqbal H.},
  journal={SN COMPUT. SCI.},
  volume={2},
  number={160},
  year={2021},
  doi={https://doi.org/10.1007/s42979-021-00592-x},
  note={Received: January 27, 2021; Accepted: March 12, 2021; Published: March 22, 2021}
}

@Article{Lv2017,
  title={Next-Generation Big Data Analytics: State of the Art, Challenges, and Future Research Topics},
  author={Zhihan Lv},
  journal={IEEE Transactions on Industrial Informatics},
  year={2017},
  doi={10.1109/TII.2017.2650204},
  url={https://dx.doi.org/10.1109/TII.2017.2650204}
}


@Article{Fan2021,
  title={Advanced data analytics for enhancing building performances: From data-driven to big data-driven approaches},
  author={C. Fan},
  journal={Building Simulation},
  year={2021},
  doi={10.1007/s12273-020-0723-1},
  url={https://dx.doi.org/10.1007/s12273-020-0723-1}
}

@Article{Zhang2018,
  title={Big data analytics in smart grids: a review},
  author={Yang Zhang, Tao Huang, E. Bompard},
  journal={Energy Informatics},
  year={2018},
  doi={10.1186/S42162-018-0007-5},
  url={https://dx.doi.org/10.1186/S42162-018-0007-5}
}


@Article{Umakirthika2018,
  title={Internet of Things in Vehicle Safety - Obstacle Detection and Alert System},
  author={D. Umakirthika},
  journal={International Journal of Engineering and Computer Science},
  year={2018},
  doi={10.18535/IJECS/V7I2.05},
  url={https://dx.doi.org/10.18535/IJECS/V7I2.05}
}

@Article{fqc2017,
  title={FQC: A Software for Managing Information from FASTQ Files},
  author={Joseph Brown},
  journal={Bioinformatics},
  year={2017},
  doi={10.1093/bioinformatics/btx373},
}

@Article{ren2021data,
  title={A Data-Driven Approach of Product Quality Prediction for Complex Production Systems},
  author={Ren, Lei and Meng, Zihao and Wang, Xiaokang and Zhang, Lin and Yang, Laurence T.},
  journal={IEEE Transactions on Industrial Informatics},
  volume={Volume Number},
}

@article{susto2015machine,
  title={Machine Learning for Predictive Maintenance: A Multiple Classifier Approach},
  author={Susto, Gian Antonio and Schirru, Andrea and Pampuri, Simone and McLoone, Sean and Beghi, Alessandro},
  journal={IEEE Transactions on Industrial Informatics},
  volume={11},
  number={3},
  pages={820--830},
  year={2015},
}

@article{shafi2019precision,
  title={Precision Agriculture Techniques and Practices: From Considerations to Applications},
  author={Shafi, Uferah and Mumtaz, Rafia and García-Nieto, José and Hassan, Syed Ali and Zaidi, Syed Ali Raza and Iqbal, Naveed},
  volume={19}, 
  number={3},  
  pages={3796},
  year={2019},
}

@article{shankarmani2012agile,
  title={Agile Methodology Adoption: Benefits and Constraints},
  author={Shankarmani Radha},
  journal={International Journal of Computer Applications},
  volume={Volume Number},
  year={2012},
  url={https://research.ijcaonline.org/volume58/number15/pxc3883698.pdf},
}



%====================================================
%====================================================
%====================================================
%====================================================
%====================================================
%==============SITES E LINKS DE REF==================

@online{markdownguide,
  author    = {Markdown Community},
  title     = {Markdown Guide},
  year      = {2023},
  url       = {https://www.markdownguide.org/},
  note      = {Acessado em: 2023-09-13}
}

@online{github,
  author    = {GitHub Inc.},
  title     = {GitHub},
  year      = {2023},
  url       = {https://github.com/},
  note      = {Acessado em: 2023-09-13}
}

@online{mongodbDocs,
  author    = {MongoDB Inc.},
  title     = {MongoDB Documentation},
  year      = {2023},
  url       = {https://www.mongodb.com/docs/},
  note      = {Acessado em: 2023-09-13}
}

@online{pythonOfficialDocs,
  author    = {Python Software Foundation},
  title     = {Python Official Documentation},
  year      = {2023},
  url       = {https://www.python.org/},
  note      = {Acessado em: 2023-09-13}
}


@online{fastapiDocs,
  author    = {Sebastián Ramírez},
  title     = {FastAPI Documentation},
  year      = {2023},
  url       = {https://fastapi.tiangolo.com/},
  note      = {Acessado em: 2023-09-13}
}

@online{fastapiTutorial,
  author    = {Sebastián Ramírez},
  title     = {FastAPI Tutorial},
  year      = {2023},
  url       = {https://fastapi.tiangolo.com/tutorial/},
  note      = {Acessado em: 2023-09-13}
}


@online{uvicornOfficialDocs,
  author    = {Uvicorn Development Team},
  title     = {Uvicorn Official Documentation},
  year      = {2023},
  url       = {https://www.uvicorn.org/},
  note      = {Acessado em: 2023-09-13}
}


@online{nextjsDocs,
  author    = {Vercel Inc.},
  title     = {Next.js Documentation},
  year      = {2023},
  url       = {https://nextjs.org/docs},
  note      = {Acessado em: 2023-09-13}
}


@online{reactDocs,
  author    = {Facebook Inc.},
  title     = {React Documentation},
  year      = {2023},
  url       = {https://react.dev/},
  note      = {Acessado em: 2023-09-13}
}

@online{muiDocs,
  author    = {Material-UI Team},
  title     = {Material-UI Documentation},
  year      = {2023},
  url       = {https://mui.com/},
  note      = {Acessado em: 2023-09-13}
}

@online{m3Docs,
  author    = {Google Inc.},
  title     = {Material Design 3},
  year      = {2023},
  url       = {https://m3.material.io/},
  note      = {Acessado em: 2023-09-13}
}

@online{dockerDocs,
  author    = {Docker Inc.},
  title     = {Docker Documentation},
  year      = {2023},
  url       = {https://docs.docker.com/},
  note      = {Acessado em: 2023-09-13}
}

@online{nginxDocs,
  author    = {NGINX Inc.},
  title     = {NGINX Documentation},
  year      = {2023},
  url       = {https://nginx.org/en/docs/},
  note      = {Acessado em: 2023-09-13}
}


@online{typescriptLang,
  author    = {Microsoft Corporation},
  title     = {TypeScript Language Documentation},
  year      = {2023},
  url       = {https://www.typescriptlang.org/},
  note      = {Acessado em: 2023-09-13}
}

@online{dockerNetwork,
  author    = {Docker Inc.},
  title     = {Docker Networking Documentation},
  year      = {2023},
  url       = {https://docs.docker.com/network/},
  note      = {Acessado em: 2023-09-13}
}

@online{dockerVolumes,
  author    = {Docker Inc.},
  title     = {Docker Storage Volumes Documentation},
  year      = {2023},
  url       = {https://docs.docker.com/storage/volumes/},
  note      = {Acessado em: 2023-09-13}
}

@online{dockerCompose,
  author    = {Docker Inc.},
  title     = {Docker Compose Documentation},
  year      = {2023},
  url       = {https://docs.docker.com/compose/},
  note      = {Acessado em: 2023-09-13}
}

@online{yamlOrg,
  author    = {YAML Project},
  title     = {YAML Official Website},
  year      = {2023},
  url       = {https://yaml.org/},
  note      = {Acessado em: 2023-09-13}
}


@online{nextjsServerComponents,
  author    = {Vercel Inc.},
  title     = {Next.js Documentation: Server Components},
  year      = {2023},
  url       = {https://nextjs.org/docs/app/building-your-application/rendering/server-components},
  note      = {Acessado em: 2023-09-13}
}

@online{fastapiSecurity,
  author    = {Sebastián Ramírez},
  title     = {FastAPI Security Tutorial},
  year      = {2023},
  url       = {https://fastapi.tiangolo.com/tutorial/security/},
  note      = {Acessado em: 2023-09-13}
}

@online{socketIoDocs,
  author    = {Socket.io Development Team},
  title     = {Socket.io v4 Documentation},
  year      = {2023},
  url       = {https://socket.io/docs/v4/},
  note      = {Acessado em: 2023-09-13}
}

@online{pythonAsyncio,
  author    = {Python Software Foundation},
  title     = {Python asyncio Library Documentation},
  year      = {2023},
  url       = {https://docs.python.org/3/library/asyncio.html},
  note      = {Acessado em: 2023-09-13}
}

@online{motorDocs,
  author    = {Motor Development Team},
  title     = {Motor Documentation},
  year      = {2023},
  url       = {https://motor.readthedocs.io/en/stable/},
  note      = {Acessado em: 2023-09-13}
}


@online{pydanticDocs,
  author    = {Pydantic Development Team},
  title     = {Pydantic Documentation},
  year      = {2023},
  url       = {https://docs.pydantic.dev/latest/},
  note      = {Acessado em: 2023-09-13}
}

@online{nextjsDefiningRoutes,
  author    = {Vercel Inc.},
  title     = {Next.js Documentation: Defining Routes},
  year      = {2023},
  url       = {https://nextjs.org/docs/app/building-your-application/routing/defining-routes},
  note      = {Acessado em: 2023-09-13}
}

@online{dayJsInstallation,
  author    = {Day.js Development Team},
  title     = {Day.js Documentation: Installation},
  year      = {2023},
  url       = {https://day.js.org/docs/en/installation/installation},
  note      = {Acessado em: 2023-09-13}
}

@online{nextjsUseRouter,
  author    = {Vercel Inc.},
  title     = {Next.js Documentation: use-router},
  year      = {2023},
  url       = {https://nextjs.org/docs/app/api-reference/functions/use-router},
  note      = {Acessado em: 2023-09-13}
}

@online{nextjsInitialProps,
  author    = {Vercel Inc.},
  title     = {Next.js Documentation: getInitialProps},
  year      = {2023},
  url       = {https://nextjs.org/docs/pages/api-reference/functions/get-initial-props},
  note      = {Acessado em: 2023-09-13}
}


@online{nextjsGetStaticProps,
  author    = {Vercel Inc.},
  title     = {Next.js Documentation: getStaticProps},
  year      = {2023},
  url       = {https://nextjs.org/docs/pages/building-your-application/data-fetching/get-static-props},
  note      = {Acessado em: 2023-09-13}
}

@online{nextjsGetServerSideProps,
  author    = {Vercel},
  title     = {Next.js Documentation: getServerSideProps},
  year      = {2023},
  url       = {https://nextjs.org/docs/pages/building-your-application/data-fetching/get-server-side-props},
  note      = {Acessado em: 2023-09-13}
}


@online{nextjsHeadComponent,
  author    = {Vercel Inc.},
  title     = {Next.js Documentation: Head Component},
  year      = {2023},
  url       = {https://nextjs.org/docs/pages/api-reference/components/head},
  note      = {Acessado em: 2023-09-13}
}

@online{reactCreateContext,
  author    = {Facebook Inc.},
  title     = {React Documentation: createContext},
  year      = {2023},
  url       = {https://react.dev/reference/react/createContext},
  note      = {Acessado em: 2023-09-13}
}

@online{reactUseEffect,
  author    = {Facebook Inc.},
  title     = {React Documentation: useEffect},
  year      = {2023},
  url       = {https://react.dev/reference/react/useEffect},
  note      = {Acessado em: 2023-09-13}
}

@online{reactHooksReference,
  author    = {Facebook, Inc},
  title     = {React Documentation: React Reference},
  year      = {2023},
  url       = {https://react.dev/reference/react},
  note      = {Acessado em: 2023-09-13}
}

@online{reactFirstComponent,
  author    = {Facebook, Inc},
  title     = {React Documentation: Your First Component},
  year      = {2023},
  url       = {https://react.dev/learn/your-first-component},
  note      = {Acessado em: 2023-09-13}
}


@online{axiosIntro,
  author    = {Axios Development Team},
  title     = {Axios Documentation: Introduction},
  year      = {2023},
  url       = {https://axios-http.com/docs/intro},
  note      = {Acessado em: 2023-09-13}
}


@online{axiosInterceptors,
  author    = {Axios Development Team},
  title     = {Axios Documentation: Interceptors},
  year      = {2023},
  url       = {https://axios-http.com/docs/interceptors},
  note      = {Acessado em: 2023-09-13}
}

@online{socketIoClientApi,
  author    = {Socket.io Development Team},
  title     = {Socket.io Documentation: Client API},
  year      = {2023},
  url       = {https://socket.io/docs/v4/client-api/},
  note      = {Acessado em: 2023-09-13}
}

@online{mdnLocalStorage,
  author    = {Mozilla Developer Network},
  title     = {MDN Web Docs: Window.localStorage},
  year      = {2023},
  url       = {https://developer.mozilla.org/en-US/docs/Web/API/Window/localStorage},
  note      = {Acessado em: 2023-09-13}
}

@online{mdnFetchAPI,
  author    = {Mozilla Developer Network},
  title     = {MDN Web Docs: Using Fetch},
  year      = {2023},
  url       = {https://developer.mozilla.org/en-US/docs/Web/API/Fetch_API/Using_Fetch},
  note      = {Acessado em: 2023-09-13}
}

@online{mdnJson,
  author    = {Mozilla Developer Network},
  title     = {MDN Web Docs: Working with JSON},
  year      = {2023},
  url       = {https://developer.mozilla.org/en-US/docs/Learn/JavaScript/Objects/JSON},
  note      = {Acessado em: 2023-09-13}
}


@online{muiReactGrid,
  author    = {Material-UI Team},
  title     = {Material-UI Documentation: React Grid},
  year      = {2023},
  url       = {https://mui.com/material-ui/react-grid/},
  note      = {Acessado em: 2023-09-13}
}

@online{muiDatePickerValidation,
  author    = {Material-UI Team},
  title     = {Material-UI Documentation: React Date Pickers Validation},
  year      = {2023},
  url       = {https://mui.com/x/react-date-pickers/validation/},
  note      = {Acessado em: 2023-09-13}
}

@online{muiDefaultTheme,
  author    = {Material-UI},
  title     = {Material-UI Guides: Using Material-UI with the Default Theme in a Next.js App},
  year      = {2023},
  url       = {https://mui.com/material-ui/guides/next-js-app-router/#using-material-ui-with-the-default-theme},
  note      = {Acessado em: 2023-09-13}
}


@online{scheduleDocs,
  author    = {Daniel Bader},
  title     = {Schedule: Job scheduling for humans},
  year      = {2023},
  url       = {https://schedule.readthedocs.io/en/stable/},
  note      = {Acessado em: 2023-09-13}
}

@online{pandasDocs,
  author    = {pandas Development Team},
  title     = {pandas Documentation},
  year      = {2023},
  url       = {https://pandas.pydata.org/docs/},
  note      = {Acessado em: 2023-09-13}
}

%====================================================
%====================================================
%====================================================
%====================================================
%====================================================
%====================REF Artigos ====================

-1-
@article{Bonilla2018,
  title={Industry 4.0 and Sustainability Implications: A Scenario-Based Analysis of the Impacts and Challenges},
  author={S. Bonilla and H. Silva and Marcia Terra da Silva and Rodrigo Franco Gonçalves and J. Sacomano},
  journal={Sustainability},
  volume={10},
  number={10},
  pages={3740},
  year={2018},
  publisher={MDPI},
  doi={10.3390/SU10103740},
  url={https://www.mdpi.com/2071-1050/10/10/3740/pdf?version=1539767696}
}

-2-
@article{ashraf2020optimization,
  title={Optimization of a 660 MWe Supercritical Power Plant Performance—A Case of Industry 4.0 in the Data-Driven Operational Management Part 1. Thermal Efficiency},
  author={Waqar Muhammad Ashraf and Ghulam Moeen Uddin and Syed Muhammad Arafat and Sher Afghan and Ahmad Hassan Kamal and M. Asim and Muhammad Haider Khan and Muhammad Waqas Rafique and U. Naumann and Sajawal Gul Niazi and Hanan Jamil and A. Jamil and N. Hayat and Ashfaq Ahmad and Changkai Shao and Liu Bin Xiang and Ijaz Ahmad Chaudhary and J. Krzywański},
  journal={Energies},
  volume={13},
  number={21},
  pages={5592},
  year={2020},
  publisher={MDPI},
  doi={10.3390/en13215592},
  url={https://www.mdpi.com/1996-1073/13/21/5592/pdf?version=1603956781}
}

-3-
@article{mabad2021rfid,
  title={Making Investment Decisions on RFID Technology: An Evaluation of Key Adoption Factors in Construction Firms},
  author={Tarik Mabad and Omar Ali and Mustafa A. Ally and S. Wamba and K. C. Chan},
  journal={IEEE Access},
  doi={10.1109/ACCESS.2021.3063301},
  url={https://ieeexplore.ieee.org/ielx7/6287639/9312710/09366873.pdf}
}

-5-
@article{bajaj2021iot,
  title={Implementation analysis of IoT-based offloading frameworks on cloud/edge computing for sensor generated big data},
  author={K. Bajaj and B. Sharma and Raman Singh},
  journal={International Journal of Information Management Data Insights},
  doi={10.1007/s40747-021-00434-6},
  url={https://link.springer.com/content/pdf/10.1007/s40747-021-00434-6.pdf},
  year={2021}
}

-8-
@article{asghar2016role,
  title={Role of Requirements Elicitation \& Prioritization to Optimize Quality in Scrum Agile Development},
  author={Aneesa Rida Asghar and S. N. Bhatti and Atika Tabassum and Zainab Sultan and Rabiya Abbas},
  journal={International Journal of Advanced Computer Science and Applications},
  doi={10.14569/IJACSA.2016.071239},
  url={http://thesai.org/Downloads/Volume7No12/Paper_39-Role_of_Requirements_Elicitation_Prioritization_to_Optimize_Quality.pdf},
  year={2016}
}

-11-
@article{lucassen2015forging,
  title={Forging high-quality User Stories: Towards a discipline for Agile Requirements}, 
  author={Lucassen and G. and Dalpiaz and F. and van der Werf and J. M. E. M. and Brinkkemper and S.},
  journal={2015 IEEE 23rd International Requirements Engineering Conference (RE)},
  doi={10.1109/RE.2015.7320415},
  url={http://www.staff.science.uu.nl/%7Edalpi001/papers/luca-dalp-werf-brin-15-re.pdf},
  year={2015}
}

-12-
@article{ghani2015agile,
  title={Agile Adoption in IT Organizations},
  author={Ghani, I. and Bello, M.},
  journal={KSII Transactions on Internet and Information Systems},
  doi={10.3837/tiis.2015.08.029},
  url={http://www.itiis.org/digital-library/manuscript/file/20875/TIISVol9No8-29.pdf},
  year={2015}
}

-13-
@online{notionProjectManagement,
  author    = {Notion Labs Inc},
  title     = {This Project Management System Helps Your Engineering Team Track Every Initiative},
  year      = {2023},
  url       = {https://www.notion.so/help/guides/this-project-management-system-helps-your-engineering-team-track-every-initiative},
  note      = {Acessado em: 2023-09-13}
}

-16-
@online{dockerOverview,
  author = {Docker Inc.},
  title = {Overview of Docker},
  year = {2023},
  url = {https://docs.docker.com/get-started/overview/},
  note = {Accessed: yyyy-mm-dd}
}








%====================================================
%====================================================
%====================================================
%====================================================
%====================================================
%====================Exemplos========================




@misc{MISC01,
    author          = {Misc},
    title           = {Misc zero um},
    howpublished    = {\url{http://www.ipb.pt}},
    month           = {Fevereiro},
    year            = {2013},
}

@book{BOOK01,
    author          = {Autor, Numero Um, Numero dois, ETC},
    title           = {Titulo do book},
    year            = {2012},
    isbn            = {123456789},
    edition         = {1st},
    publisher       = {Publicaçoes, lda},
    address         = {Cidade, distrito, PAIS}
}

@Article{ARTIC01,
    author          = {nome do autor do artigo},
    title           = {Titulo do Artigo},
    journal         = {Proc. Intel European Research \& Innovation Conf., pp. 196, Leixlip},
    month           = {October},
    year            = {2011}
}

@inproceedings{INPROC1,
    author          = {Aoki, Ryo and Oikawa, Shuichi and Nakamura, Takashi and Miki, Satoshi},
    title           = {Hybrid OpenCL: Enhancing OpenCL for Distributed Processing},
    booktitle       = {Proceedings of the 2011 IEEE Ninth International Symposium on Parallel and Distributed Processing with Applications},
    series          = {ISPA '11},
    year            = {2011},
    isbn            = {978-0-7695-4428-1},
    pages           = {149--154},
    numpages        = {6},
    url             = {http://dx.doi.org/10.1109/ISPA.2011.28},
    doi             = {10.1109/ISPA.2011.28},
    acmid           = {2006198},
    publisher       = {IEEE Computer Society},
    address         = {Washington, DC, USA},
    keywords        = {middleware, heterogeneous computing, GPGPU},
}


@techreport{TECH01,
    author          = {Blaise Barney, Lawrence Livermore National Laboratory},
    title           = {POSIX Threads Programming},
    howpublished    = {\url{https://computing.llnl.gov/tutorials/pthreads/}},
    month           = {August},
    year            = {2012}
}


@unpublished{UNPUB01,
    author          = {CENAPAD},
    title           = {Curso de MPI}
}
